@inproceedings{yee2009native,
  title={Native client: A sandbox for portable, untrusted x86 native code},
  author={Yee, Bennet and Sehr, David and Dardyk, Gregory and Chen, J Bradley and Muth, Robert and Ormandy, Tavis and Okasaka, Shiki and Narula, Neha and Fullagar, Nicholas},
  booktitle={Security and Privacy, 2009 30th IEEE Symposium on},
  pages={79--93},
  year={2009},
  organization={IEEE}
}